@misc{sensorcommunity2023synchronization,
  title     = {Are all Sensor Community sensors synchronized?},
  author    = {peoter},
  publisher = {Sensor Community Forum},
  url       = {https://forum.sensor.community/t/are-all-sensor-community-sensors-synchronized/2479/2},
  month     = Dec,
  year      = 2023,
  note      = {(Accessed: December 18, 2023)}
}

@article{CurrentResearchIoTSecurity2020,
  title     = {Current Research Trends in IoT Security: A Systematic Mapping Study},
  author    = {Vishal Sharma, Jee Young Lee and Jungwoo Lee},
  journal   = {Mobile Information Systems},
  year      = {2021},
  volume    = {2021},
  pages     = {8847099},
  doi       = {10.1155/2021/8847099},
  month     = Mar,
  publisher = {Hindawi},
  url       = {https://doi.org/10.1155/2021/8847099},
  note      = {(Accessed: December 26, 2023)}
}
